@article{chienfu,
	title = {Universal scaling functions of a dissipative Manna model},
	journal = {Computer Physics Communications},
	volume = {182},
	number = {1},
	pages = {226-228},
	year = {2011},
	note = {Computer Physics Communications Special Edition for Conference on Computational Physics Kaohsiung, Taiwan, Dec 15-19, 2009},
	doi = {10.1016/j.cpc.2010.07.033},
	author = {Chien-Fu Chen and An-Chung Cheng and Yi-Duen Wang and Chai-Yu Lin}
}

@article{Hallerberg2009,
	author = {Anja Garber and Sarah Hallerberg and Holger Kantz},
	year = {2009},
	month = {08},
	pages = {026124},
	title = {Predicting extreme avalanches in self-organized critical sandpiles},
	volume = {80},
	journal = {Physical review. E, Statistical, nonlinear, and soft matter physics},
	doi = {10.1103/PhysRevE.80.026124}
}

@article{btw,
	author = {Per Bak and Chao Tang and Kurt Wiesenfeld},
	year = {1987},
	month = {08},
	pages = {381-384},
	title = {Self-organized criticality: An explanation of 1/f noise. Phys. Rev. Lett. 59, 381-384},
	volume = {59},
	journal = {Physical Review Letters},
	doi = {10.1103/PhysRevLett.59.381}
}

@article{manna,
	title={Two-state model of self-organized criticality},
	author={Subhrangshu Manna},
	journal={Journal of Physics A},
	month = {04},
	year={1991},
	volume={24},
	doi = {10.1088/0305-4470/24/7/009}
}

@article{podgornik,
	author = {Rudolf Podgornik},
	year = {2007},
	month = {10},
	pages = {189-190},
	title = {S. Albeverio, V. Jentsch, H. Kantz (eds.): Extreme events in nature and society. (The Frontiers Collection)},
	volume = {129},
	journal = {Journal of Statistical Physics},
	doi = {10.1007/s10955-007-9389-7}
}

@book{bunde,
	author = {Armin Bunde and J{\"u}rgen P. Kropp and Hans Joachim Schellnhuber},
	year = {2002},
	month = {01},
	pages = {},
	title = {The Science of Disasters, Climate Disruptions, Heart Attacks, and Market Crashes},
	doi = {10.1007/978-3-642-56257-0}
}

@article{deluca,
	author = {Anna Deluca and Nicholas Moloney and Alvaro Corral},
	year = {2015},
	month = {05},
	pages = {},
	title = {Data-driven prediction of thresholded time series of rainfall and self-organized criticality models},
	volume = {91},
	journal = {Physical Review E},
	doi = {10.1103/PhysRevE.91.052808}
}

@article{Shapoval2006,
	title={How Size Of Target Avalanches Influences Prediction Efficiency},
	author={Alexander Shapoval and Mikhail Shnirman},
	journal={International Journal of Modern Physics C},
	year={2006},
	volume={17},
	pages={1777-1790},
	doi={10.1142/S0129183106010212}
}

@article{Bak1996HowNW,
	title={How Nature Works: The Science of Self‐Organized Criticality},
	author={Per Bak and Shobo Bhattacharya},
	journal={Physics Today},
	year={1996},
	volume={50},
	pages={71-72},
	doi={10.1119/1.18610}
}

@article{Dhar2006,
	author = {Deepak Dhar},
	year = {2006},
	month = {09},
	pages = {29-70},
	title = {Theoretical studies of self-organized criticality},
	volume = {369},
	journal = {Physica A},
	doi = {10.1016/j.physa.2006.04.004}
}

@inbook{Gromov2020,
	author = {Vasilii Gromov and Anastasia Migrina},
	year = {2020},
	month = {01},
	pages = {},
	title = {A Language as a Self-organized Critical System},
	doi = {10.37247/PACS.1.2020.4}
}

@article{Milovanov2021BlackSE,
	title={Black swans, extreme risks, and the e-pile model of self-organized criticality},
	author={Alexander V. Milovanov and Jens Juul Rasmussen and Bertrand Groslambert},
	journal={Chaos Solitons \& Fractals},
	year={2021},
	volume={144},
	pages={110665},
	doi={10.1016/J.CHAOS.2021.110665}
}

@article{Aschwanden2021SelforganizedCI,
	doi = {10.3847/1538-4357/abdec7},
	year = {2021},
	month = {mar},
	publisher = {American Astronomical Society},
	volume = {910},
	number = {1},
	pages = {41},
	author = {Markus J. Aschwanden and Manuel Güdel},
	title = {Self-organized Criticality in Stellar Flares},
	journal = {The Astrophysical Journal}
}

@article{Kalinin2021,
	author = {Nikita Kalinin},
	year = {2021},
	month = {12},
	pages = {},
	journal = {ArXiV},
	title = {On the origin of the hierarchy of the sciences},
	url = {https://arxiv.org/abs/2201.12276}
}

@article{Hallerberg2008,
	title = {Influence of the event magnitude on the predictability of an extreme event},
	author={Sarah Hallerberg and Holger Kantz},
	journal = {Phys. Rev. E},
	volume = {77},
	issue = {1},
	pages = {011108},
	numpages = {12},
	year = {2008},
	month = {Jan},
	publisher = {American Physical Society},
	doi = {10.1103/PhysRevE.77.011108}
}

@inbook{Kantz2010,
	author={Holger Kantz},
	editor={Estrada, Ernesto
	and Fox, Maria
	and Higham, Desmond J.
	and Oppo, Gian-Luca},
	title={Dynamics and Statistics of Extreme Events},
	bookTitle={Network Science: Complexity in Nature and Technology},
	year={2010},
	publisher={Springer London},
	address={London},
	pages={205--216},
	doi={10.1007/978-1-84996-396-1_10}
}

@article{article,
	author = {Muñoz, Miguel and Dickman, Ronald and Pastor-Satorras, Romualdo and Vespignani, Alessandro and Zapperi, Stefano},
	year = {2000},
	month = {11},
	pages = {},
	title = {Sandpiles and absorbing-state phase transitions: Recent results and open problems},
	volume = {574},
	doi = {10.1063/1.1386824}
}

@article{Vespignani2000AbsorbingstatePT,
	title={Absorbing-state phase transitions in fixed-energy sandpiles},
	author={Alessandro Vespignani and Ronald Dickman and Miguel A. Mu{\~n}oz and Stefano Zapperi},
	journal={Physical review. E, Statistical physics, plasmas, fluids, and related interdisciplinary topics},
	year={2000},
	volume={62 4 Pt A},
	pages={4564-82},
	doi={10.1103/physreve.62.4564}
}

@article{Lee2004BranchingPA,
	title={Branching Process Approach to Avalanche Dynamics on Complex Networks},
	author={Deok-Sun Lee and Kwang-Il Goh and Byungnam Kahng and Doh-Y. Kim},
	journal={Journal of the Korean Physical Society},
	year={2004},
	volume={44},
	pages={633-637}
}

@article{Karmakar2005,
	author = {Rumani Karmakar and Subhrangshu Manna},
	year = {2005},
	month = {02},
	pages = {},
	title = {Sandpile model on an optimized scale-free network on Euclidean space},
	volume = {38},
	journal = {Journal of Physics A-mathematical and General - J PHYS-A-MATH GEN},
	doi = {10.1088/0305-4470/38/6/L03}
}

@article{Molchan1997,
	author={George M. Molchan},
	title={Earthquake prediction as a decision-making problem},
	journal={Pure and applied geophysics},
	year={1997},
	month={Jan},
	day={01},
	volume={149},
	number={1},
	pages={233-247},
	doi={10.1007/BF00945169}
}

@article{Burridge1967ModelAT,
	title={Model and theoretical seismicity},
	author={Robert Burridge and Leon Knopoff},
	journal={Bulletin of the Seismological Society of America},
	year={1967},
	volume={57},
	pages={341-371},
	doi={10.1785/BSSA0570030341}
}

@article{Dennis1985SolarHX,
	title={Solar hard X-ray bursts},
	author={Brian R. Dennis},
	journal={Solar Physics},
	year={1985},
	volume={100},
	pages={465-490},
	doi={10.1007/978-94-009-4588-3_23}
}

@article{Levy1997NEWEF,
	title={New evidence for the power-law distribution of wealth},
	author={Moshe Levy and Sorin Solomon},
	journal={Physica A-statistical Mechanics and Its Applications},
	year={1997},
	volume={242},
	pages={90-94},
	doi={10.1016/S0378-4371(97)00217-3}
}

@article{Jaeger1989,
	title = {Relaxation at the Angle of Repose},
	author = {Heinrich M. Jaeger and {Chu-heng} Liu and Sidney R. Nagel},
	journal = {Phys. Rev. Lett.},
	volume = {62},
	issue = {1},
	pages = {40--43},
	numpages = {0},
	year = {1989},
	month = {Jan},
	publisher = {American Physical Society},
	doi = {10.1103/PhysRevLett.62.40},
}

@article{Held1990,
	title = {Experimental study of critical-mass fluctuations in an evolving sandpile},
	author = {G. A. Held and David Henry Solina and Keane and Haag and Horn and Grinstein},
	journal = {Phys. Rev. Lett.},
	volume = {65},
	issue = {9},
	pages = {1120--1123},
	numpages = {0},
	year = {1990},
	month = {Aug},
	publisher = {American Physical Society},
	doi = {10.1103/PhysRevLett.65.1120},
}

@article{Khodaverdian2016,
	author = {Alireza Khodaverdian and Hamid Zafarani and M. Rahimin},
	year = {2016},
	month = {03},
	pages = {},
	title = {Seismicity Parameters and Spatially-Smoothed Seismicity Model for Iran},
	volume = {106},
	journal = {Bulletin of the Seismological Society of America},
	doi = {10.1785/0120150178}
}

@article{TURCOTTE1999275,
	title = {Seismicity and self-organized criticality},
	journal = {Physics of the Earth and Planetary Interiors},
	volume = {111},
	number = {3},
	pages = {275-293},
	year = {1999},
	doi = {doi.org/10.1016/S0031-9201(98)00167-8},
	author={Donald L. Turcotte},
}

@article{Liu1991,
	title = {Finite-size effects in a sandpile},
	author = {{Chu-heng} Liu and H. M. Jaeger and Sidney R. Nagel},
	journal = {Phys. Rev. A},
	volume = {43},
	issue = {12},
	pages = {7091--7092},
	numpages = {0},
	year = {1991},
	month = {Jun},
	publisher = {American Physical Society},
	doi = {10.1103/PhysRevA.43.7091},
}

@article{Wang2019PredictingSF,
	title={Predicting Solar Flares with Machine Learning: Investigating Solar Cycle Dependence},
	author={Xiantong Wang and Yang Chen and G{\'a}bor Zsolt T{\'o}th and Ward B. Manchester and Tamas I. I. Gombosi and Alfred O. Hero and Zhenbang Jiao and Hu Sun and Meng Jin and Yang Liu},
	journal={arXiv: Solar and Stellar Astrophysics},
	year={2019},
	url={https://ui.adsabs.harvard.edu/abs/2018shin.confE.143T}
}

@Article{Garber2009,
	author={Anja Garber and Holger Kantz},
	title={Finite-size effects on the statistics of extreme events in the BTW model},
	journal={The European Physical Journal B},
	year={2009},
	month={Feb},
	day={01},
	volume={67},
	number={3},
	pages={437-443},
	doi={10.1140/epjb/e2008-00474-4},
}

@article{Geller1997,
	title={Earthquakes Cannot Be Predicted},
	author={Robert J. Geller and David D. Jackson and Yan Y. Kagan and Francesco Mulargia},
	journal={Science},
	year={1997},
	volume={275},
	pages={1616 - 1616},
	doi={10.1126/SCIENCE.275.5306.1616}
}

@article{Wyss1997,
	author = {Max Wyss and Richard Aceves and Stephen Park and Robert Geller and David Jackson and Yan Kagan and Francesco Mulargia},
	year = {1997},
	month = {10},
	pages = {487-490},
	title = {Cannot Earthquakes Be Predicted?},
	volume = {278},
	journal = {Science},
	doi = {10.1126/science.278.5337.487}
}

@article{Milovanov2021,
	title = {Black swans, extreme risks, and the e-pile model of self-organized criticality},
	journal = {Chaos, Solitons \& Fractals},
	volume = {144},
	pages = {110665},
	year = {2021},
	doi = {doi.org/10.1016/j.chaos.2021.110665},
	author = {Alexander V. Milovanov and Jens Juul Rasmussen and Bertrand Groslambert}
}

@article{Lewis1985,
	title={Some Simple Models for Continuous Variate Time Series},
	author={Peter A. W. Lewis},
	journal={Journal of The American Water Resources Association},
	year={1985},
	volume={21},
	pages={635-644},
	doi={10.1111/j.1752-1688.1985.tb05378.x}
}

@article{Murphy1996,
	title={The Finley Affair: A Signal Event in the History of Forecast Verification},
	author={Allan H. Murphy},
	journal={Weather and Forecasting},
	year={1996},
	volume={11},
	pages={3-20},
	doi={10.1175/1520-0434(1996)011<0003:TFAASE>2.0.CO;2}
}

@article{Cordts2016,
	title={The Cityscapes Dataset for Semantic Urban Scene \\\ Understanding},
	author={Marius Cordts and Mohamed Omran and Sebastian Ramos and Timo Rehfeld and Markus Enzweiler and Rodrigo Benenson and Uwe Franke and Stefan Roth and Bernt Schiele},
	journal={2016 IEEE Conference on Computer Vision and Pattern Recognition (CVPR)},
	year={2016},
	pages={3213-3223},
	doi={10.48550/arXiv.1604.01685}
}

@article{Alhaija2018,
	title={Augmented Reality Meets Computer Vision: Efficient Data Generation for Urban Driving Scenes},
	author={Hassan Abu Alhaija and Siva Karthik Mustikovela and Lars M. Mescheder and Andreas Geiger and Carsten Rother},
	journal={International Journal of Computer Vision},
	year={2018},
	volume={126},
	pages={961-972},
	doi = {10.1007/s11263-018-1070-x}
}

@article{BenHur1996,
	title = {Universality in sandpile models},
	author = {Asa Ben-Hur and Ofer Biham},
	journal = {Phys. Rev. E},
	volume = {53},
	issue = {2},
	pages = {R1317--R1320},
	numpages = {0},
	year = {1996},
	month = {Feb},
	publisher = {American Physical Society},
	doi = {10.1103/PhysRevE.53.R1317},
}




